@inproceedings{example,
	title={Example Title},
	author={Author, A. and Author2ğüşiöçı, A.},
	booktitle={Example Conference},
	pages={1--2},
	year={2014}
}